@article{zheng2017massively,
  title={Massively parallel digital transcriptional profiling of single cells},
  author={Zheng, Grace XY and Terry, Jessica M and Belgrader, Phillip and Ryvkin, Paul and Bent, Zachary W and Wilson, Ryan and Ziraldo, Solongo B and Wheeler, Tobias D and McDermott, Geoff P and Zhu, Junjie and others},
  journal={Nature communications},
  volume={8},
  pages={14049},
  year={2017},
  publisher={Nature Publishing Group}
}

@article{newman2015robust,
  title={Robust enumeration of cell subsets from tissue expression profiles},
  author={Newman, Aaron M and Liu, Chih Long and Green, Michael R and Gentles, Andrew J and Feng, Weiguo and Xu, Yue and Hoang, Chuong D and Diehn, Maximilian and Alizadeh, Ash A},
  journal={Nature methods},
  volume={12},
  number={5},
  pages={453--457},
  year={2015},
  publisher={Nature Research}
}

@article{satija2015spatial,
  title={Spatial reconstruction of single-cell gene expression data},
  author={Satija, Rahul and Farrell, Jeffrey A and Gennert, David and Schier, Alexander F and Regev, Aviv},
  journal={Nature biotechnology},
  volume={33},
  number={5},
  pages={495--502},
  year={2015},
  publisher={Nature Research}
}

@article{danaher2017gene,
  title={Gene expression markers of Tumor Infiltrating Leukocytes},
  author={Danaher, Patrick and Warren, Sarah and Dennis, Lucas and Dâ€™Amico, Leonard and White, Andrew and Disis, Mary L and Geller, Melissa A and Odunsi, Kunle and Beechem, Joseph and Fling, Steven P},
  journal={Journal for immunotherapy of cancer},
  volume={5},
  number={1},
  pages={18},
  year={2017},
  publisher={BioMed Central}
}
@article{macosko2015highly,
  title={Highly parallel genome-wide expression profiling of individual cells using nanoliter droplets},
  author={Macosko, Evan Z and Basu, Anindita and Satija, Rahul and Nemesh, James and Shekhar, Karthik and Goldman, Melissa and Tirosh, Itay and Bialas, Allison R and Kamitaki, Nolan and Martersteck, Emily M and others},
  journal={Cell},
  volume={161},
  number={5},
  pages={1202--1214},
  year={2015},
  publisher={Elsevier}
}
@article{villani2017single,
  title={Single-cell RNA-seq reveals new types of human blood dendritic cells, monocytes, and progenitors},
  author={Villani, Alexandra-Chlo{\'e} and Satija, Rahul and Reynolds, Gary and Sarkizova, Siranush and Shekhar, Karthik and Fletcher, James and Griesbeck, Morgane and Butler, Andrew and Zheng, Shiwei and Lazo, Suzan and others},
  journal={Science},
  volume={356},
  number={6335},
  pages={eaah4573},
  year={2017},
  publisher={American Association for the Advancement of Science}
}